@book{bertsimas1997introduction,
  title={Introduction to linear optimization},
  author={Bertsimas, Dimitris and Tsitsiklis, John N},
  volume={6},
  year={1997},
  publisher={Athena Scientific Belmont, MA}
}

@book{birge2011introduction,
  title={Introduction to stochastic programming},
  author={Birge, John R and Louveaux, Francois},
  year={2011},
  publisher={Springer Science \& Business Media}
}

@book{kwon2019julia,
  title={Julia Programming for Operations Research},
  author={Kwon, Changhyun},
  year={2019},
  publisher={Changhyun Kwon}
}

@book{williams2013model,
  title={Model building in mathematical programming},
  author={Williams, H Paul},
  year={2013},
  publisher={John Wiley \& Sons}
}

@book{taha2003operations,
title = {{Operations Research: An Introduction (7th Edition)}},
author = {Taha, Hamdy A},
year = {2003},
publisher = {Pearson/Prentice Hall}
}